<record><leader>00000cas a22000007a 4500</leader><controlfield tag="001">13542103</controlfield><controlfield tag="008">860507d19771983aluwr ne      0    0eng d</controlfield><datafield ind1=" " ind2=" " tag="010"><subfield code="a">sn 86050196 </subfield></datafield><datafield ind1=" " ind2=" " tag="040"><subfield code="a">AAR</subfield><subfield code="b">eng</subfield><subfield code="c">AAR</subfield><subfield code="d">CPN</subfield><subfield code="d">OCLCQ</subfield></datafield><datafield ind1=" " ind2=" " tag="042"><subfield code="a">msc</subfield></datafield><datafield ind1="0" ind2="0" tag="245"><subfield code="a">Boaz news leader.</subfield></datafield><datafield ind1=" " ind2=" " tag="260"><subfield code="a">Boaz, Ala. :</subfield><subfield code="b">Robert Bryan,</subfield><subfield code="c">1977-1983.</subfield></datafield><datafield ind1=" " ind2=" " tag="300"><subfield code="a">v. :</subfield><subfield code="b">ill. ;</subfield><subfield code="c">57 cm.</subfield></datafield><datafield ind1=" " ind2=" " tag="310"><subfield code="a">Weekly</subfield></datafield><datafield ind1="0" ind2=" " tag="362"><subfield code="a">Vol. 87, no. 68 (Dec. 7, 1977)-Mar. 31, 1983.</subfield></datafield><datafield ind1=" " ind2=" " tag="515"><subfield code="a">Numbering is irregular.</subfield></datafield><datafield ind1=" " ind2=" " tag="752"><subfield code="a">United States</subfield><subfield code="b">Alabama</subfield><subfield code="c">Marshall</subfield><subfield code="d">Boaz.</subfield></datafield><datafield ind1="0" ind2="0" tag="780"><subfield code="t">Marshall-DeKalb monitor news leader</subfield><subfield code="w">(DLC)sn 86050195</subfield></datafield></record>